@techreport{exactbetaineq,
title={Exact Calculation of Beta inequalities},
author={John D. Cook},
institution={UT MD Anderson Cancer Center Department of Biostatistics},
year={2005}
}
@techreport{numineq,
author={John D. Cook},
title={Numerical Computation of Stochastic Inequality probabilities},
institution={UT MD Anderson Cancer Center Department of Biostatistics},
year={2008}
}
@book{abramowitz,
author={Abramowitz, Stegun},
title={special functions},
year={2014}
}

